@article{hosvd,
    author = {De~Lathauwer, L. and De~Moor, B. and Vandewalle, J.},
    title = {A Multilinear Singular Value Decomposition},
    journal = {SIAM Journal on Matrix Analysis and Applications},
    volume = {21},
    number = {4},
    pages = {1253-1278},
    year = {2000},
    language = {english},
    doi = {https://doi.org/10.1137/S0895479896305696},
}


@article{parafac1,
    title = { Foundations of the PARAFAC procedure: Models and conditions for an "explanatory" multi-model factor analysis },
    author = {Harshman, R.A.},
    year = { 1970 },
    volume = { 16 },
    pages = { 1-84 },
    language = {english},
}


@article{parafac2,
    author    = {Carroll, J.D. and Chang, J.-J.},
    journal   = {Psychometrika},
    title     = {Analysis of individual differences in multidimensional scaling via an n-way generalization of “Eckart-Young” decomposition},
    year      = {1970},
    number    = {3},
    pages     = {283--319},
    volume    = {35},
    doi       = {10.1007/bf02310791},
    publisher = {Springer Science and Business Media LLC},
}


@book{ssa,
    author    = {Golyandina, N. and Nekrutkin, V. and Zhigljavsky, A.},
    publisher = {Chapman and Hall/CRC},
    title     = {Analysis of Time Series Structure},
    year      = {2001},
    doi       = {10.1201/9780367801687},
}


@article{NP-hard,
    author = {Hillar, C.J. and Lim, L.-H.},
    title = {Most Tensor Problems Are NP-Hard},
    year = {2013},
    publisher = {Association for Computing Machinery (ACM)},
    volume = {60},
    number = {6},
    doi = {https://doi.org/10.1145/2512329},
    journal = {Journal of the ACM},
    numpages = {39},
}


@article{hooi,
    author = {De~Lathauwer, L. and De~Moor, B. and Vandewalle, J.},
    title = {On the Best Rank-1 and Rank-$(R_1 ,R_2 ,. . .,R_N)$ Approximation of Higher-Order Tensors},
    journal = {SIAM Journal on Matrix Analysis and Applications},
    volume = {21},
    number = {4},
    pages = {1324-1342},
    year = {2000},
    doi = {10.1137/S0895479898346995},
}


@inproceedings{TSSA,
    author = {Kouchaki, S. and Sanei, S.},
    booktitle = {2013 IEEE International Workshop on Machine Learning for Signal Processing (MLSP)},
    title = {Tensor based singular spectrum analysis for nonstationary source separation},
    year = {2013},
    publisher = {IEEE},
    doi = {10.1109/MLSP.2013.6661921},
    language = {english},
}


@article{TSSA-improved,
    author = {Yang, D. and Yi, C. and Xu, Z. and Zhang, Y. and Ge, M. and Liu, C.},
    title = {Improved Tensor-Based Singular Spectrum Analysis Based on Single Channel Blind Source Separation Algorithm and Its Application to Fault Diagnosis},
    journal = {Applied Sciences},
    volume = {7},
    year = {2017},
    number = {4},
    article-number = {418},
    language = {english},
    doi = {10.3390/app7040418},
}


@article{tucker,
    author    = {Tucker, L.R.},
    journal   = {Psychometrika},
    title     = {Some mathematical notes on three-mode factor analysis},
    year      = {1966},
    number    = {3},
    pages     = {279--311},
    volume    = {31},
    doi       = {10.1007/bf02289464},
    publisher = {Springer Science and Business Media LLC},
}


@article{hosvd-hooi-separation,
    author = {Papy, J.M. and De~Lathauwer, L. and Van~Huffel, S.},
    title = {Exponential data fitting using multilinear algebra: the single-channel and multi-channel case},
    journal = {Numerical Linear Algebra with Applications},
    volume = {12},
    number = {8},
    pages = {809-826},
    doi = {10.1002/nla.453},
    year = {2005}
}


@article{cpd-separation,
    author    = {De~Lathauwer, L.},
    journal   = {SIAM Journal on Matrix Analysis and Applications},
    title     = {Blind Separation of Exponential Polynomials and the Decomposition of a Tensor in Rank-$(L_r,L_r,1)$ Terms},
    year      = {2011},
    number    = {4},
    pages     = {1451--1474},
    volume    = {32},
    doi       = {10.1137/100805510},
    publisher = {Society for Industrial & Applied Mathematics (SIAM)},
}


@book{ssa-2020,
    author    = {Golyandina, N. and Zhigljavsky, A.},
    publisher = {Springer Berlin Heidelberg},
    title     = {Singular Spectrum Analysis for Time Series},
    year      = {2020},
    edition   = {2},
    doi       = {10.1007/978-3-662-62436-4},
}



@inbook{2d-ssa,
    author    = {Golyandina, N. and Usevich, K.},
    pages     = {449--473},
    publisher = {WORLD SCIENTIFIC},
    title     = {2D-Extension of Singular Spectrum Analysis: Algorithm and Elements of Theory},
    year      = {2010},
    booktitle = {Matrix Methods: Theory, Algorithms and Applications},
    doi       = {10.1142/9789812836021_0029},
}

@article{esprit,
    author    = {Roy, R. and Kailath, T.},
    journal   = {IEEE Transactions on Acoustics, Speech, and Signal Processing},
    title     = {ESPRIT-estimation of signal parameters via rotational invariance techniques},
    year      = {1989},
    number    = {7},
    pages     = {984--995},
    volume    = {37},
    doi       = {10.1109/29.32276},
    publisher = {Institute of Electrical and Electronics Engineers (IEEE)},
}


@InProceedings{hooi-alg,
    author    = {Sheehan, B. and Saad, Y.},
    booktitle = {Proceedings of the 2007 SIAM International Conference on Data Mining},
    title     = {Higher Order Orthogonal Iteration of Tensors (HOOI) and its Relation to PCA and GLRAM},
    year      = {2007},
    publisher = {Society for Industrial and Applied Mathematics},
    doi       = {10.1137/1.9781611972771.32},
}

@article{mssa,
    author = {Степанов, Д.В. and Голяндина, Н.Э.},
    language = {russian},
    title = {Варианты метода <<Гусеница>>--SSA для прогноза многомерных временных рядов},
    journal = {Труды IV Международной конференции <<Идентификация систем и задачи управления>>},
    year = {2005},
    pages = {1831-1848}
}

@article{NMR,
    title = {Algorithm for Time-Domain NMR Data Fitting Based on Total Least Squares},
    journal = {Journal of Magnetic Resonance, Series A},
    volume = {110},
    number = {2},
    pages = {228-237},
    year = {1994},
    doi = {https://doi.org/10.1006/jmra.1994.1209},
    author = {Van~Huffel, S. and Chen, H. and Decanniere, C. and Van~Hecke, P.},
}

@article{hankel-tensor,
    author        = {Nie, J. and Ye, K.},
    title         = {Hankel tensor decompositions and ranks},
    year          = {2017},
    archiveprefix = {arXiv},
    doi           = {10.48550/ARXIV.1706.03631},
    primaryclass  = {math.AG},
    publisher     = {arXiv},    
}

@Article{tensor-bg,
    author    = {Kolda, T.G.  and Bader, B.W. },
    journal   = {{SIAM} Rev.},
    title     = {Tensor Decompositions and Applications},
    year      = {2009},
    number    = {3},
    pages     = {455--500},
    volume    = {51},
    doi       = {10.1137/07070111X},
}

@Article{hooi-convergence,
    author   = {Eld\'{e}n, L. and Savas, B.},
    journal  = {{SIAM} Journal on Matrix Analysis and Applications},
    title    = {A Newton–Grassmann Method for Computing the Best Multilinear Rank-$(r_1,$ $r_2,$ $r_3)$ Approximation of a Tensor},
    year     = {2009},
    number   = {2},
    pages    = {248-271},
    volume   = {31},
    doi      = {10.1137/070688316},
}

@Manual{Rcode,
    author = {Khromov, N.},
    title = {Tensor SSA implementation in~{R}},
    publisher = {Zenodo},
    doi = {10.5281/zenodo.11318173},
    url = {{https://zenodo.org/records/11359308}}
}

@Book{Rssa,
    author    = {Golyandina, N. and Korobeynikov, A. and Zhigljavsky, A.},
    publisher = {Springer Berlin Heidelberg},
    title     = {Singular Spectrum Analysis with R},
    year      = {2018},
    doi       = {10.1007/978-3-662-57380-8},
    journal   = {Use~R!},
}

@Manual{Rssa-pack,
    title  = {{Rssa}: A collection of methods for singular spectrum analysis},
    year   = {2022},
    note   = {R~package version~1.0.5},
    url    = {{http://CRAN.R-project.org/package=Rssa}},
}

@Manual{rTensor-pack,
    title = {rTensor: Tools for Tensor Analysis and Decomposition},
    author = {Li, J. and Bien, J. and Wells, M.},
    year = {2021},
    note = {{R}~package version~1.4.8},
    url = {{https://CRAN.R-project.org/package=rTensor}},
}

@Manual{purrr-pack,
    title = {purrr: Functional Programming Tools},
    author = {Wickham, H. and Henry, L. and RStudio},
    year = {2023},
    note = {{R}~package version~1.0.2},
    url = {{https://CRAN.R-project.org/package=purrr}},
}

@Manual{tensr-pack,
    title = {tensr: Covariance Inference and Decompositions for Tensor Datasets},
    author = {Gerard, D. and Hoff, P.},
    year = {2018},
    note = {{R}~package version~1.0.2},
    url = {{https://CRAN.R-project.org/package=tensr}},
}

@Article{mssa2,
    author    = {Golyandina, N. and Korobeynikov, A. and Shlemov, A. and Usevich, K.},
    journal   = {Journal of Statistical Software},
    title     = {Multivariate and 2D Extensions of Singular Spectrum Analysis with theRssaPackage},
    year      = {2015},
    number    = {2},
    volume    = {67},
    doi       = {10.18637/jss.v067.i02},
    publisher = {Foundation for Open Access Statistic},
}

@Article{tensor-bg2,
    author    = {Savostyanov, D. V. and Tyrtyshnikov, E.E.},
    journal   = {Computational Mathematics and Mathematical Physics},
    title     = {Approximate multiplication of tensor matrices based on the individual filtering of factors},
    year      = {2009},
    number    = {10},
    pages     = {1662--1677},
    volume    = {49},
    doi       = {10.1134/s0965542509100029},
    publisher = {Pleiades Publishing Ltd},
}

@Article{tensor-bg3,
    author    = {Kazeev, V. A. and Tyrtyshnikov, E.E.},
    journal   = {Computational Mathematics and Mathematical Physics},
    title     = {Structure of the Hessian matrix and an economical implementation of Newton’s method in the problem of canonical approximation of tensors},
    year      = {2010},
    number    = {6},
    pages     = {927--945},
    volume    = {50},
    doi       = {10.1134/s0965542510060011},
    publisher = {Pleiades Publishing Ltd},
}

@Article{tensor-rus,
    author    = {Осинский, А.И.},
    journal   = {Журнал вычислительной математики и математической физики},
    title     = {Оценки аппроксимации тензорных поездов по норме Чебышёва},
    year      = {2019},
    number    = {2},
    pages     = {211--216},
    volume    = {59},
    doi       = {10.1134/s0044466919020121},
    publisher = {Pleiades Publishing Ltd},
    language = {russian},
}

