%! Author = hromo
%! Date = 16.11.2023

